@techreport{Abadie_Athey_Imbens_Wooldridge_2017,
	author = {Abadie, Alberto and Athey, Susan and Imbens, Guido W. and Wooldridge, Jeffrey M.},
	title = {When Should You Adjust Standard Errors for Clustering?},
	institution = {National Bureau of Economic Research},
	type = {Working Paper},
	series = {Working Paper Series},
	number = {24003},
	year = {2017},
	doi = {10.3386/w24003}
    }
@article{Arellano_1987,
	author = {Arellano, Manuel},
	title = {Computing Robust Standard Errors for Within-groups Estimators},
	journal =  {Oxford Bulletin of Economics and Statistics},
	volume = {49},
	pages = {431--434},
	number = {4},
	year = {1987},
	doi = {10.1111/j.1468-0084.1987.mp49004006.x}
}
@article{Athey_Imbens_2016,
	author = {Athey, Susan and Imbens, Guido W.},
	title = {The Econometrics of Randomized Experiments},
	journal =  {ArXiv e-prints},
	archivePrefix = {arXiv},
	eprint = {1607.00698},
	primaryClass = {stat.ME},
	keywords = {Statistics - Methodology, Economics - Econometrics, 62K99, G.3},
	year = {2016},
	url = {https://arxiv.org/abs/1607.00698}
	}
@book{Baltagi_2013,
	location = {Chichester, West Sussex},
	edition = {Fifth Edition},
	title = {Econometric analysis of panel data},
	isbn = {978-1-118-67232-7},
	publisher = {John Wiley \& Sons, Inc},
	author = {Baltagi, Badi H.},
	date = {2013}
}
@article{Cameron_Gelbach_Miller_2011,
    author = {Cameron, Adrian C. and Gelbach, Jonah B. and Miller, Douglas L.},
    journal =  {Journal of Business \& Economic Statistics},
    number = {2},
    pages = {238--249},
    publisher = {American Statistical Association},
    title = {Robust Inference With Multiway Clustering},
    volume = {29},
    year = {2011},
    doi = {10.2307/25800796}
    }
@article{Cameron_Miller_2015,
	author = {Cameron, A. Colin and Miller, Douglas L.},
	title = {A Practitioner's Guide to Cluster-Robust Inference},
	journal = {Journal of Human Resources},
	volume = {50},
	pages = {317--372},
	number = {2},
	year = {2015},
	doi = {10.3368/jhr.50.2.317}
}
@article{Gibbons_SúarezSerrato_Urbancic_2018,
	title = {Broken or Fixed Effects?},
	journal = {Journal of Econometric Methods},
	author = {Gibbons, Charles E. and Súarez Serrato, Juan Carlos and Urbancic, Michael B.},
	year = {2018},
	doi = {10.3386/w20342}
	}
@article{Liang_Zeger_1986,
	author = {Liang, Kung-Yee and Zeger, Scott L.},
	title = {Longitudinal data analysis using generalized linear models},
	journal =  {Biometrika},
	volume = {73},
	pages = {13--22},
	number = {1},
	year = {1986},
	doi = {10.1093/biomet/73.1.13}
}

@article{Rogers_1993,
	author = {Rogers, William},
	title = {Regression standard errors in clustered samples},
	journal =  {Stata Technical	Bulletin},
	volume = {13},
	pages = {19--23},
	number = {17},
	year = {1993},
	URL = {https://www.stata.com/products/stb/journals/stb13.pdf}
}
@inproceedings{Eicker_1967,
	author = {Eicker, Friedhelm},
	title = {Limit theorems for regressions with unequal and dependent errors},
	Address = {Berkeley, California},
	bookauthor = {Proceedings of the Fifth Berkeley Symposium on Mathematical Statistics and Probability, Volume 1: Statistics},
	pages = {59--82},
	Publisher = {University of California Press},
	URL = {https://projecteuclid.org/euclid.bsmsp/1200512981},
	year = {1967}
}
@inproceedings{Huber_1967,
	author = {Huber, Peter J.},
	title = {The behavior of maximum likelihood estimates under nonstandard conditions},
	Address = {Berkeley, California},
	title = {Proceedings of the Fifth Berkeley Symposium on Mathematical Statistics and Probability, Volume 1: Statistics},
	pages = {221--233},
	Publisher = {University of California Press},
	URL = {https://projecteuclid.org/euclid.bsmsp/1200512988},
	year = {1967}
}
@article{White_1980,
	author = {White, Halbert L.},
	title = {A Heteroskedasticity-Consistent Covariance Matrix Estimator and a Direct Test for Heteroskedasticity},
	volume = {48},
	pages = {817},
	number = {4},
	journal =  {Econometrica},
	year = {1980},
	doi = {10.2307/1912934}
}
@article{MacKinnon_White_1985,
	author = {MacKinnon, James G. and White, Halbert L.},
	title = {Some heteroskedasticity-consistent covariance matrix estimators with improved finite sample properties},
	journal =  {Journal of Econometrics},
	volume = {29},
	pages = {305--325},
	number = {3},
	year = {1985},
	doi = {10.1016/0304-4076(85)90158-7}
}
@article{Solon_Haider_Wooldridge_2015,
	author = {Solon, Gary and Haider, Steven J. and Wooldridge, Jeffrey M.},
	title = {What Are We Weighting For?},
	journal =  {Journal of Human Resources},
	volume = {50},
	number = {2},
	pages = {301--316},
	year = {2015},
	doi = {10.3368/jhr.50.2.301}
	}
@article{Stock_Watson_2008,
	title = {Heteroskedasticity-Robust Standard Errors for Fixed Effects Panel Data Regression},
	volume = {76},
	doi = {10.1111/j.0012-9682.2008.00821.x},
	pages = {155--174},
	number = {1},
	journal =  {Econometrica},
	author = {Stock, James H. and Watson, Mark W.},
	date = {2008-01},
	langid = {english}
}
@book{Wooldridge_2010,
	author = {Wooldridge, Jeffrey M.},
	location = {Cambridge, Mass},
	edition = {2nd ed},
	title = {Econometric analysis of cross section and panel data},
	isbn = {978-0-262-23258-6},
	publisher = {MIT Press},
	year = {2010}
}
@article{Stapleton_Oseni_Bababekov_Hung_Chang_2018,
	author = {Stapleton, SM and Oseni, TO and Bababekov, YJ and Hung, Y and Chang, DC},
	title = {Race/ethnicity and age distribution of breast cancer diagnosis in the united states},
	journal =  {{JAMA} Surgery},
	year = {2018},
	doi = {10.1001/jamasurg.2018.0035}
	}
